<?xml version="1.0" encoding="UTF-8"?><collection xmlns="http://www.loc.gov/MARC21/slim"><record><leader>00364nam--2200133-i-4500</leader><controlfield tag="001">000023901</controlfield><controlfield tag="002">20161230</controlfield><controlfield tag="005">20161230201035</controlfield><controlfield tag="008">060222s1000------------r-----000-0-eng-d</controlfield><datafield ind1=" " ind2=" " tag="080"><subfield code="a">550.34:621.311.2(075.8)</subfield></datafield><datafield ind1=" " ind2=" " tag="100"><subfield code="a">Priscu Radu</subfield></datafield><datafield ind1=" " ind2=" " tag="245"><subfield code="a">Ingineria seismica a constructiilor hidrotehnice</subfield></datafield><datafield ind1=" " ind2=" " tag="260"><subfield code="a">Bucuresti, Ed.Did.Si Pedagogica, 1980. 311p</subfield></datafield><datafield ind1=" " ind2=" " tag="852"><subfield code="a">47926</subfield></datafield></record></collection>